@article{Padrol,
  title={Polygons as sections of higher-dimensional polytopes},
  author={Padrol, Arnau and Pfeifle, Julian},
  journal={arXiv preprint arXiv:1404.2443},
  year={2014}
}

@article{HiddenVertices,
  title={Hidden vertices in extensions of polytopes},
  author={Pashkovich, Kanstantsin and Weltge, Stefan},
  journal={Operations research letters},
  volume={43},
  number={2},
  pages={161--164},
  year={2015},
  publisher={Elsevier}
}

@article{UpperBound,
  title={An upper bound for nonnegative rank},
  author={Shitov, Yaroslav},
  journal={Journal of Combinatorial Theory, Series A},
  volume={122},
  pages={126--132},
  year={2014},
  publisher={Elsevier}
}

@article{Sublinear,
  title={Sublinear extensions of polygons},
  author={Shitov, Yaroslav},
  journal={arXiv preprint arXiv:1412.0728},
  year={2014}
}