@misc{shitov2020sublinear,
  title={Sublinear extensions of polygons}, 
  author={Yaroslav Shitov},
  year={2020},
  eprint={1412.0728},
  archivePrefix={arXiv},
  primaryClass={math.CO}
}

@misc{kwan2020extension,
  title={Extension complexity of low-dimensional polytopes}, 
  author={Matthew Kwan and Lisa Sauermann and Yufei Zhao},
  year={2020},
  eprint={2006.08836},
  archivePrefix={arXiv},
  primaryClass={math.CO}
}
